@incollection{zheng2014time,
  title={Time series classification using multi-channels deep convolutional neural networks},
  author={Zheng, Yi and Liu, Qi and Chen, Enhong and Ge, Yong and Zhao, J Leon},
  booktitle={Web-Age Information Management},
  pages={298--310},
  year={2014},
  publisher={Springer}
}

@article{chatfield2014return,
  title={Return of the devil in the details: Delving deep into convolutional nets},
  author={Chatfield, Ken and Simonyan, Karen and Vedaldi, Andrea and Zisserman, Andrew},
  journal={arXiv preprint arXiv:1405.3531},
  year={2014}
}

@article{srivastava2014dropout,
  title={Dropout: A simple way to prevent neural networks from overfitting},
  author={Srivastava, Nitish and Hinton, Geoffrey and Krizhevsky, Alex and Sutskever, Ilya and Salakhutdinov, Ruslan},
  journal={The Journal of Machine Learning Research},
  volume={15},
  number={1},
  pages={1929--1958},
  year={2014},
  publisher={JMLR. org}
}

@inproceedings{jia2014caffe,
  title={Caffe: Convolutional architecture for fast feature embedding},
  author={Jia, Yangqing and Shelhamer, Evan and Donahue, Jeff and Karayev, Sergey and Long, Jonathan and Girshick, Ross and Guadarrama, Sergio and Darrell, Trevor},
  booktitle={Proceedings of the ACM International Conference on Multimedia},
  pages={675--678},
  year={2014},
  organization={ACM}
}

@inproceedings{krizhevsky2012imagenet,
  title={Imagenet classification with deep convolutional neural networks},
  author={Krizhevsky, Alex and Sutskever, Ilya and Hinton, Geoffrey E},
  booktitle={Advances in neural information processing systems},
  pages={1097--1105},
  year={2012}
}

@article{howard2013some,
  title={Some improvements on deep convolutional neural network based image classification},
  author={Howard, Andrew G},
  journal={arXiv preprint arXiv:1312.5402},
  year={2013}
}

@inproceedings{bailly2015bag,
  title={Bag-of-Temporal-SIFT-Words for Time Series Classification},
  author={Bailly, Adeline and Malinowski, Simon and Tavenard, Romain and Guyet, Thomas and Chapel, Laetitia},
  booktitle={ECML/PKDD Workshop on Advanced Analytics and Learning on Temporal Data},
  year={2015}
}